date,sales,is_closed,dow,is_weekend,is_event,pre_event_peak,restock_flag
1/1/2024,0,1,0,0,0,0,0
1/2/2024,16.14,0,1,0,0,0,0
1/3/2024,5.2,0,2,0,0,0,0
1/4/2024,8.73,0,3,0,0,0,0
1/5/2024,9.69,0,4,0,0,1,0
1/6/2024,6.79,0,5,1,0,0,0
1/7/2024,2.34,0,6,1,0,0,0
1/8/2024,10.13,0,0,0,0,0,0
1/9/2024,3.38,0,1,0,0,0,0
1/10/2024,29.61,0,2,0,0,0,0
1/11/2024,0,0,3,0,0,0,0
1/12/2024,13.72,0,4,0,0,0,0
1/13/2024,24.8,0,5,1,0,0,0
1/14/2024,0,0,6,1,0,0,0
1/15/2024,3.3,0,0,0,0,0,0
1/16/2024,1.76,0,1,0,0,0,0
1/17/2024,17.78,0,2,0,0,0,0
1/18/2024,4.62,0,3,0,0,0,0
1/19/2024,0,0,4,0,0,0,0
1/20/2024,8.1,0,5,1,0,0,0
1/21/2024,23.05,0,6,1,0,0,0
1/22/2024,4,0,0,0,0,0,0
1/23/2024,3.1,0,1,0,0,0,0
1/24/2024,3.2,0,2,0,0,0,0
1/25/2024,3.4,0,3,0,0,0,0
1/26/2024,1.86,0,4,0,0,0,0
1/27/2024,1.45,0,5,1,0,0,0
1/28/2024,6.3,0,6,1,0,0,0
1/29/2024,5.3,0,0,0,0,0,0
1/30/2024,8.21,0,1,0,0,0,0
1/31/2024,0,0,2,0,0,0,0
2/1/2024,7.85,0,3,0,0,0,0
2/2/2024,1.85,0,4,0,0,1,0
2/3/2024,11.64,0,5,1,0,0,0
2/4/2024,18.65,0,6,1,0,0,0
2/5/2024,13.21,0,0,0,0,0,0
2/6/2024,18.03,0,1,0,0,0,0
2/7/2024,12.1,0,2,0,0,0,0
2/8/2024,7.4,0,3,0,0,0,0
2/9/2024,0,0,4,0,0,0,0
2/10/2024,1.12,0,5,1,0,0,0
2/11/2024,7.22,0,6,1,0,0,0
2/12/2024,4.34,0,0,0,0,0,0
2/13/2024,34.52,0,1,0,0,0,0
2/14/2024,0,1,2,0,1,0,0
2/15/2024,15.55,0,3,0,0,0,0
2/16/2024,14.24,0,4,0,0,0,0
2/17/2024,22.8,0,5,1,0,0,0
2/18/2024,7.05,0,6,1,0,0,0
2/19/2024,2.18,0,0,0,0,0,0
2/20/2024,4.7,0,1,0,0,0,0
2/21/2024,2.33,0,2,0,0,0,0
2/22/2024,4.98,0,3,0,0,0,0
2/23/2024,13.96,0,4,0,0,0,0
2/24/2024,3.7,0,5,1,0,1,0
2/25/2024,1.9,0,6,1,0,0,0
2/26/2024,10.65,0,0,0,0,0,0
2/27/2024,1.05,0,1,0,0,0,0
2/28/2024,13.04,0,2,0,0,0,0
2/29/2024,5.19,0,3,0,0,0,0
3/1/2024,17.75,0,4,0,0,0,0
3/2/2024,15.5,0,5,1,0,0,0
3/3/2024,1.9,0,6,1,0,0,0
3/4/2024,0,0,0,0,0,0,0
3/5/2024,3.39,0,1,0,0,0,0
3/6/2024,0,0,2,0,0,0,0
3/7/2024,15.12,0,3,0,0,0,0
3/8/2024,1.88,0,4,0,0,0,0
3/9/2024,6.75,0,5,1,0,0,0
3/10/2024,41.6,0,6,1,0,1,0
3/11/2024,0,0,0,0,1,0,0
3/12/2024,0,1,1,0,1,0,0
3/13/2024,4.3,0,2,0,0,0,0
3/14/2024,10.72,0,3,0,0,0,0
3/15/2024,16.05,0,4,0,0,0,0
3/16/2024,0,0,5,1,0,0,0
3/17/2024,40.42,0,6,1,0,0,0
3/18/2024,17.94,0,0,0,0,0,0
3/19/2024,0,0,1,0,0,0,0
3/20/2024,3.81,0,2,0,0,0,0
3/21/2024,5.32,0,3,0,0,0,0
3/22/2024,9.23,0,4,0,0,0,0
3/23/2024,16.28,0,5,1,0,0,0
3/24/2024,0,0,6,1,0,0,0
3/25/2024,0,0,0,0,0,0,0
3/26/2024,26.53,0,1,0,0,0,0
3/27/2024,6.07,0,2,0,0,0,0
3/28/2024,0.97,0,3,0,0,0,0
3/29/2024,5.7,0,4,0,0,0,0
3/30/2024,16.2,0,5,1,0,0,0
3/31/2024,7.22,0,6,1,0,0,0
4/1/2024,15.99,0,0,0,0,0,0
4/2/2024,6.24,0,1,0,0,0,0
4/3/2024,11.44,0,2,0,0,0,0
4/4/2024,0,0,3,0,0,0,0
4/5/2024,0,0,4,0,0,0,0
4/6/2024,0.85,0,5,1,0,0,0
4/7/2024,6.86,0,6,1,0,0,0
4/8/2024,6.44,0,0,0,0,0,0
4/9/2024,5.09,0,1,0,0,0,0
4/10/2024,0,1,2,0,1,0,0
4/11/2024,0,1,3,0,1,0,0
4/12/2024,0,1,4,0,1,0,0
4/13/2024,0,1,5,1,1,0,0
4/14/2024,0,1,6,1,1,0,0
4/15/2024,11.3,0,0,0,0,0,0
4/16/2024,2.89,0,1,0,0,0,0
4/17/2024,2.28,0,2,0,0,0,0
4/18/2024,14.51,0,3,0,0,0,0
4/19/2024,3.65,0,4,0,0,0,0
4/20/2024,0,0,5,1,0,0,0
4/21/2024,3.96,0,6,1,0,0,0
4/22/2024,4.43,0,0,0,0,0,0
4/23/2024,11.77,0,1,0,0,0,0
4/24/2024,0,0,2,0,0,0,0
4/25/2024,23.51,0,3,0,0,0,0
4/26/2024,1.79,0,4,0,0,0,0
4/27/2024,5.55,0,5,1,0,0,0
4/28/2024,1.8,0,6,1,0,0,0
4/29/2024,18.59,0,0,0,0,0,0
4/30/2024,15.21,0,1,0,0,0,0
5/1/2024,3.2,0,2,0,0,0,0
5/2/2024,6.78,0,3,0,0,0,0
5/3/2024,4.27,0,4,0,0,0,0
5/4/2024,8.61,0,5,1,0,0,0
5/5/2024,0,0,6,1,0,0,0
5/6/2024,0.89,0,0,0,0,0,0
5/7/2024,7.56,0,1,0,0,0,0
5/8/2024,11.31,0,2,0,0,0,0
5/9/2024,17.31,0,3,0,0,0,0
5/10/2024,1.86,0,4,0,0,0,0
5/11/2024,8.53,0,5,1,0,0,0
5/12/2024,19.88,0,6,1,0,0,0
5/13/2024,1.01,0,0,0,0,0,0
5/14/2024,3.99,0,1,0,0,0,0
5/15/2024,14.27,0,2,0,0,0,0
5/16/2024,0,0,3,0,0,0,0
5/17/2024,5.95,0,4,0,0,0,0
5/18/2024,6.92,0,5,1,0,0,0
5/19/2024,6.88,0,6,1,0,0,0
5/20/2024,1.8,0,0,0,0,0,0
5/21/2024,3.52,0,1,0,0,0,0
5/22/2024,0,0,2,0,0,0,0
5/23/2024,8.81,0,3,0,0,0,0
5/24/2024,2.91,0,4,0,0,0,0
5/25/2024,18.61,0,5,1,0,0,0
5/26/2024,1.48,0,6,1,0,0,0
5/27/2024,8.45,0,0,0,0,0,0
5/28/2024,1.73,0,1,0,0,0,0
5/29/2024,8.59,0,2,0,0,0,0
5/30/2024,16.49,0,3,0,0,0,0
5/31/2024,16.62,0,4,0,0,0,0
6/1/2024,14.02,0,5,1,0,0,0
6/2/2024,9.19,0,6,1,0,0,0
6/3/2024,2.48,0,0,0,0,0,0
6/4/2024,4.56,0,1,0,0,0,0
6/5/2024,0,0,2,0,0,1,1
6/6/2024,8.8,0,3,0,0,0,0
6/7/2024,2.5,0,4,0,0,0,0
6/8/2024,4.42,0,5,1,0,0,0
6/9/2024,2.85,0,6,1,0,0,0
6/10/2024,2.91,0,0,0,0,0,0
6/11/2024,0,0,1,0,0,0,0
6/12/2024,26.89,0,2,0,0,0,0
6/13/2024,2.58,0,3,0,0,0,0
6/14/2024,3.83,0,4,0,0,0,0
6/15/2024,8.85,0,5,1,0,0,0
6/16/2024,16.28,0,6,1,0,0,0
6/17/2024,0,1,0,0,1,0,0
6/18/2024,7.84,0,1,0,0,0,0
6/19/2024,0,0,2,0,0,0,0
6/20/2024,0,0,3,0,0,0,0
6/21/2024,6.22,0,4,0,0,0,0
6/22/2024,8.21,0,5,1,0,0,0
6/23/2024,9.54,0,6,1,0,0,0
6/24/2024,8.47,0,0,0,0,0,0
6/25/2024,5.56,0,1,0,0,0,0
6/26/2024,0,0,2,0,0,0,0
6/27/2024,2.52,0,3,0,0,0,0
6/28/2024,0,0,4,0,0,0,0
6/29/2024,9.71,0,5,1,0,0,0
6/30/2024,19.39,0,6,1,0,0,0
7/1/2024,2.6,0,0,0,0,0,0
7/2/2024,9.7,0,1,0,0,0,0
7/3/2024,6.8,0,2,0,0,0,0
7/4/2024,4.2,0,3,0,0,0,0
7/5/2024,3.3,0,4,0,0,0,0
7/6/2024,4.8,0,5,1,0,0,0
7/7/2024,2,0,6,1,0,0,0
7/8/2024,12.8,0,0,0,0,0,0
7/9/2024,1.8,0,1,0,0,0,0
7/10/2024,11.8,0,2,0,0,0,0
7/11/2024,0,0,3,0,0,0,0
7/12/2024,6.6,0,4,0,0,0,0
7/13/2024,12.2,0,5,1,0,0,0
7/14/2024,0,0,6,1,0,0,0
7/15/2024,0,1,0,0,0,0,0
7/16/2024,0,1,1,0,0,0,0
7/17/2024,9.8,0,2,0,0,0,0
7/18/2024,4.8,0,3,0,0,0,0
7/19/2024,8.3,0,4,0,0,0,0
7/20/2024,4.3,0,5,1,0,0,0
7/21/2024,0,0,6,1,0,0,0
7/22/2024,9.6,0,0,0,0,0,0
7/23/2024,2.4,0,1,0,0,0,0
7/24/2024,9.2,0,2,0,0,0,0
7/25/2024,4.8,0,3,0,0,0,0
7/26/2024,6.9,0,4,0,0,0,0
7/27/2024,0,0,5,1,0,0,0
7/28/2024,0.8,0,6,1,0,0,0
7/29/2024,2.1,0,0,0,0,0,0
7/30/2024,0,0,1,0,0,0,0
7/31/2024,3.7,0,2,0,0,0,0
8/1/2024,7.3,0,3,0,0,0,0
8/2/2024,0,0,4,0,0,0,0
8/3/2024,4,0,5,1,0,0,0
8/4/2024,4.1,0,6,1,0,0,0
8/5/2024,6.9,0,0,0,0,0,0
8/6/2024,5.7,0,1,0,0,0,0
8/7/2024,4.8,0,2,0,0,0,0
8/8/2024,7.3,0,3,0,0,0,0
8/9/2024,8.7,0,4,0,0,0,0
8/10/2024,0,0,5,1,0,0,0
8/11/2024,0,0,6,1,0,0,0
8/12/2024,0.5,0,0,0,0,0,0
8/13/2024,6,0,1,0,0,0,0
8/14/2024,2.9,0,2,0,0,0,0
8/15/2024,17.9,0,3,0,0,0,0
8/16/2024,12.6,0,4,0,0,0,0
8/17/2024,0,1,5,1,1,0,0
8/18/2024,9.5,0,6,1,0,0,0
8/19/2024,14.2,0,0,0,0,0,0
8/20/2024,5,0,1,0,0,0,0
8/21/2024,4.7,0,2,0,0,0,0
8/22/2024,2.4,0,3,0,0,0,0
8/23/2024,4.8,0,4,0,0,0,0
8/24/2024,3.3,0,5,1,0,0,0
8/25/2024,6.5,0,6,1,0,0,0
8/26/2024,6.7,0,0,0,0,0,0
8/27/2024,0,0,1,0,0,1,1
8/28/2024,4.9,0,2,0,0,0,0
8/29/2024,7.6,0,3,0,0,0,0
8/30/2024,0.5,0,4,0,0,0,0
8/31/2024,7.9,0,5,1,0,0,0
9/1/2024,1.6,0,6,1,0,0,0
9/2/2024,6.7,0,0,0,0,0,0
9/3/2024,0,1,1,0,0,0,0
9/4/2024,0,1,2,0,0,0,0
9/5/2024,0,1,3,0,0,0,0
9/6/2024,8,0,4,0,0,0,0
9/7/2024,2.8,0,5,1,0,0,0
9/8/2024,0,0,6,1,0,0,0
9/9/2024,5.9,0,0,0,0,0,0
9/10/2024,0,0,1,0,0,0,0
9/11/2024,2.5,0,2,0,0,0,0
9/12/2024,2.5,0,3,0,0,0,0
9/13/2024,9,0,4,0,0,0,0
9/14/2024,0,0,5,1,0,0,0
9/15/2024,0,0,6,1,0,0,0
9/16/2024,0,0,0,0,0,0,0
9/17/2024,6.8,0,1,0,0,0,0
9/18/2024,11.6,0,2,0,0,0,0
9/19/2024,0,0,3,0,0,0,0
9/20/2024,10.9,0,4,0,0,0,0
9/21/2024,10.9,0,5,1,0,0,0
9/22/2024,0,0,6,1,0,0,0
9/23/2024,5,0,0,0,0,0,0
9/24/2024,2.8,0,1,0,0,0,0
9/25/2024,4.7,0,2,0,0,0,0
9/26/2024,9.1,0,3,0,0,0,0
9/27/2024,0,0,4,0,0,0,0
9/28/2024,0,0,5,1,0,0,0
9/29/2024,6.8,0,6,1,0,0,0
9/30/2024,7.1,0,0,0,0,0,0
10/1/2024,1.4,0,1,0,0,0,0
10/2/2024,3.7,0,2,0,0,0,0
10/3/2024,0,0,3,0,0,0,0
10/4/2024,2.9,0,4,0,0,0,0
10/5/2024,9.4,0,5,1,0,0,0
10/6/2024,7.5,0,6,1,0,0,0
10/7/2024,5.6,0,0,0,0,0,0
10/8/2024,0,0,1,0,0,0,0
10/9/2024,0,0,2,0,0,0,0
10/10/2024,0.7,0,3,0,0,0,0
10/11/2024,3.5,0,4,0,0,0,0
10/12/2024,3.2,0,5,1,0,0,0
10/13/2024,4.6,0,6,1,0,0,0
10/14/2024,0,0,0,0,0,0,0
10/15/2024,4.1,0,1,0,0,0,0
10/16/2024,1.2,0,2,0,0,0,0
10/17/2024,5.7,0,3,0,0,0,0
10/18/2024,7.7,0,4,0,0,0,0
10/19/2024,0,0,5,1,0,0,0
10/20/2024,3.7,0,6,1,0,0,0
10/21/2024,4.2,0,0,0,0,0,0
10/22/2024,10.4,0,1,0,0,0,0
10/23/2024,0,0,2,0,0,0,0
10/24/2024,8.4,0,3,0,0,0,0
10/25/2024,3,0,4,0,0,0,0
10/26/2024,2.3,0,5,1,0,0,0
10/27/2024,2.8,0,6,1,0,0,0
10/28/2024,12.8,0,0,0,0,0,0
10/29/2024,10,0,1,0,0,1,1
10/30/2024,6.6,0,2,0,0,0,0
10/31/2024,5.8,0,3,0,0,0,0
11/1/2024,6.2,0,4,0,0,0,0
11/2/2024,2.7,0,5,1,0,0,0
11/3/2024,5.5,0,6,1,0,0,0
11/4/2024,0,0,0,0,0,0,0
11/5/2024,1.5,0,1,0,0,0,0
11/6/2024,5.6,0,2,0,0,0,0
11/7/2024,8.6,0,3,0,0,0,0
11/8/2024,9.3,0,4,0,0,0,0
11/9/2024,0.6,0,5,1,0,0,0
11/10/2024,7.6,0,6,1,0,0,0
11/11/2024,5,0,0,0,0,0,0
11/12/2024,0.5,0,1,0,0,0,0
11/13/2024,3.5,0,2,0,0,0,0
11/14/2024,10.5,0,3,0,0,0,0
11/15/2024,0,0,4,0,0,0,0
11/16/2024,6.7,0,5,1,0,0,0
11/17/2024,3.9,0,6,1,0,0,0
11/18/2024,3.6,0,0,0,0,0,0
11/19/2024,1.4,0,1,0,0,0,0
11/20/2024,2.5,0,2,0,0,0,0
11/21/2024,0,0,3,0,0,0,0
11/22/2024,0,1,4,0,0,0,0
11/23/2024,6.2,0,5,1,0,0,0
11/24/2024,1.6,0,6,1,0,0,0
11/25/2024,8.9,0,0,0,0,0,0
11/26/2024,3.1,0,1,0,0,0,0
11/27/2024,9.6,0,2,0,0,0,0
11/28/2024,3.1,0,3,0,0,0,0
11/29/2024,9.9,0,4,0,0,0,0
11/30/2024,6.4,0,5,1,0,0,0
12/1/2024,2.6,0,6,1,0,0,0
12/2/2024,9.7,0,0,0,0,0,0
12/3/2024,4,0,1,0,0,0,0
12/4/2024,0,0,2,0,0,0,0
12/5/2024,3.7,0,3,0,0,0,0
12/6/2024,4.8,0,4,0,0,0,0
12/7/2024,2.3,0,5,1,0,0,0
12/8/2024,12.3,0,6,1,0,0,0
12/9/2024,4,0,0,0,0,0,0
12/10/2024,6.7,0,1,0,0,0,0
12/11/2024,13.9,0,2,0,0,0,0
12/12/2024,8.5,0,3,0,0,0,0
12/13/2024,7.1,0,4,0,0,0,0
12/14/2024,3,0,5,1,0,0,0
12/15/2024,9.9,0,6,1,0,0,0
12/16/2024,3,0,0,0,0,0,0
12/17/2024,9.9,0,1,0,0,0,0
12/18/2024,8.8,0,2,0,0,0,0
12/19/2024,2.2,0,3,0,0,0,0
12/20/2024,3.2,0,4,0,0,0,0
12/21/2024,0,0,5,1,0,0,0
12/22/2024,6.9,0,6,1,0,0,0
12/23/2024,7.1,0,0,0,0,0,0
12/24/2024,4.9,0,1,0,0,0,0
12/25/2024,8.6,0,2,0,0,0,0
12/26/2024,2,0,3,0,0,0,0
12/27/2024,8.7,0,4,0,0,0,0
12/28/2024,10,0,5,1,0,0,0
12/29/2024,12.7,0,6,1,0,0,0
12/30/2024,12.7,0,0,0,0,0,0
12/31/2024,0,0,1,0,1,1,0
